%% LaTeX2e file `bibtest.bib'
%% generated by the `filecontents' environment
%% from source `preamble' on 2017/05/26.
%%
@book{wolsey1998integer,
  title={Integer programming},
  author={Wolsey, Laurence A},
  volume={42},
  year={1998},
  publisher={Wiley New York}
}
@book{vanderbei2015linear,
  title={Linear programming},
  author={Vanderbei, Robert J},
  year={2015},
  publisher={Springer}
}
@article{khachiyan1980polynomial,
  title={Polynomial algorithms in linear programming},
  author={Khachiyan, Leonid G},
  journal={USSR Computational Mathematics and Mathematical Physics},
  volume={20},
  number={1},
  pages={53--72},
  year={1980},
  publisher={Elsevier}
}
@inproceedings{karmarkar1984new,
  title={A new polynomial-time algorithm for linear programming},
  author={Karmarkar, Narendra},
  booktitle={Proceedings of the sixteenth annual ACM symposium on Theory of computing},
  pages={302--311},
  year={1984},
  organization={ACM}
}
